@book{merleau1962,
  title={Phenomenology of Perception},
  author={Merleau-Ponty, Maurice},
  year={1962},
  publisher={Routledge}
}

@book{johnson2007,
  title={The Meaning of the Body: Aesthetics of Human Understanding},
  author={Johnson, Mark},
  year={2007},
  publisher={University of Chicago Press}
}

@article{mori2012uncanny,
  title={The uncanny valley},
  author={Mori, Masahiro and MacDorman, Karl F. and Kageki, Norri},
  journal={IEEE Robotics \& Automation Magazine},
  volume={19},
  number={2},
  pages={98--100},
  year={2012}
}

@book{turkle2011,
  title={Alone Together: Why We Expect More from Technology and Less from Each Other},
  author={Turkle, Sherry},
  year={2011},
  publisher={Basic Books}
}

@book{levinas1969,
  title={Totality and Infinity: An Essay on Exteriority},
  author={Levinas, Emmanuel},
  year={1969},
  publisher={Duquesne University Press}
}

@article{dautenhahn2007,
  title={Socially intelligent robots: dimensions of humanâ€“robot interaction},
  author={Dautenhahn, Kerstin},
  journal={Philosophical Transactions of the Royal Society B: Biological Sciences},
  volume={362},
  number={1480},
  pages={679--704},
  year={2007}
}

@book{dreyfus2002,
  title={What Computers Still Can't Do: A Critique of Artificial Reason},
  author={Dreyfus, Hubert L.},
  year={2002},
  publisher={MIT Press}
}

@misc{pepperSoftbank,
  title={Pepper the humanoid robot},
  author={{SoftBank Robotics}},
  howpublished={\url{https://www.softbankrobotics.com/emea/en/pepper}},
  note={Accessed: 2024-10-01}
}

@inproceedings{paro2003,
  author = {Shibata, Takanori and Wada, Kazuyoshi},
  title = {Robot Therapy: A New Approach for Mental Healthcare of the Elderly},
  booktitle = {IEEE Transactions on Robotics and Automation},
  year = {2003},
  volume = {19},
  number = {5},
  pages = {1001--1006}
}

@misc{jibo,
  title={Jibo social robot},
  author={{Jibo Inc.}},
  howpublished={\url{https://www.jibo.com}},
  note={Accessed: 2024-10-01}
}

@misc{kuri,
  title={Kuri home robot},
  author={{Mayfield Robotics}},
  howpublished={\url{https://www.heykuri.com}},
  note={Accessed: 2024-10-01}
}
